<record><leader>00000cas a22000007a 4500</leader><controlfield tag="001">18188976</controlfield><controlfield tag="008">880708d19711978mduwr ne      0    0eng d</controlfield><datafield ind1=" " ind2=" " tag="010"><subfield code="a">sn 88065697 </subfield></datafield><datafield ind1=" " ind2=" " tag="040"><subfield code="a">MFN</subfield><subfield code="b">eng</subfield><subfield code="c">MFN</subfield><subfield code="d">OCLCQ</subfield></datafield><datafield ind1=" " ind2=" " tag="042"><subfield code="a">msc</subfield></datafield><datafield ind1=" " ind2="4" tag="050"><subfield code="a">AN41.08</subfield><subfield code="b">.O3</subfield></datafield><datafield ind1="0" ind2=" " tag="130"><subfield code="a">Arundel observer (Hanover, Md.)</subfield></datafield><datafield ind1="1" ind2="4" tag="245"><subfield code="a">The Arundel observer.</subfield></datafield><datafield ind1=" " ind2=" " tag="260"><subfield code="a">Hanover, Md. :</subfield><subfield code="b">Morkap Pub. Co.</subfield></datafield><datafield ind1=" " ind2=" " tag="300"><subfield code="a">v.</subfield></datafield><datafield ind1=" " ind2=" " tag="310"><subfield code="a">Weekly</subfield></datafield><datafield ind1="1" ind2=" " tag="362"><subfield code="a">Began in 1971?</subfield></datafield><datafield ind1="0" ind2=" " tag="362"><subfield code="a">-v. 18, no. 43 (Oct. 26, 1978).</subfield></datafield><datafield ind1=" " ind2=" " tag="500"><subfield code="a">Published at Severna Park, Md., 1976-1978.</subfield></datafield><datafield ind1=" " ind2=" " tag="588"><subfield code="a">Description based on: Vol. 15, no. 25 (July 2, 1975).</subfield></datafield><datafield ind1=" " ind2=" " tag="752"><subfield code="a">United States</subfield><subfield code="b">Maryland</subfield><subfield code="c">Anne Arundel</subfield><subfield code="d">Severna Park.</subfield></datafield><datafield ind1=" " ind2=" " tag="752"><subfield code="a">United States</subfield><subfield code="b">Maryland</subfield><subfield code="c">Anne Arundel</subfield><subfield code="d">Hanover.</subfield></datafield><datafield ind1="1" ind2=" " tag="029"><subfield code="a">AU@</subfield><subfield code="b">000025826896</subfield></datafield></record>